
@article{jamil2014chip,
  title={On-chip generation and guiding of quantum light from a site-controlled quantum dot},
  author={Jamil, Ayesha and Skiba-Szymanska, Joanna and Kalliakos, Sokratis and Schwagmann, Andre and Ward, Martin B and Brody, Yarden and Ellis, David JP and Farrer, Ian and Griffiths, Jonathan P and Jones, Geb AC and others},
  journal={Applied Physics Letters},
  volume={104},
  number={10},
  pages={101108},
  year={2014},
  publisher={AIP Publishing}
}