
@article{knill2001scheme,
  title={A scheme for efficient quantum computation with linear optics},
  author={Knill, Emanuel and Laflamme, Raymond and Milburn, Gerald J},
  journal={Nature},
  volume={409},
  number={6816},
  pages={46--52},
  year={2001},
  publisher={Nature Publishing Group}
}

@article{o2003demonstration,
  title={Demonstration of an all-optical quantum controlled-NOT gate},
  author={O'Brien, Jeremy L and Pryde, Geoffrey J and White, Andrew G and Ralph, Timothy C and Branning, David},
  journal={Nature},
  volume={426},
  number={6964},
  pages={264--267},
  year={2003},
  publisher={Nature Publishing Group}
}


@article{carolan2015universal,
  title={Universal linear optics},
  author={Carolan, Jacques and Harrold, Chris and Sparrow, Chris and Mart{\'\i}n-L{\'o}pez, Enrique and Russell, Nicholas J and Silverstone, Joshua W and Shadbolt, Peter J and Matsuda, Nobuyuki and Oguma, Manabu and Itoh, Mikitaka and others},
  journal={arXiv preprint arXiv:1505.01182},
  year={2015}
}

@article{Bennett:05,
author = {A. J. Bennett and D. C. Unitt and P. Atkinson and D. A. Ritchie and A. J. Shields},
journal = {Opt. Express},
keywords = {Photon statistics; Spectroscopy, condensed matter},
number = {1},
pages = {50--55},
publisher = {OSA},
title = {High performance single photon sources from photolithographically defined pillar microcavities},
volume = {13},
month = {Jan},
year = {2005},
url = {http://www.opticsexpress.org/abstract.cfm?URI=oe-13-1-50},
doi = {10.1364/OPEX.13.000050},
abstract = {We demonstrate that single photons can be generated from single InAs/GaAs quantum dots in photolithographically defined pillar microcavities. Pillars with a 1.9 {\textmu}m diameter cavity show a four fold enhancement in the radiative decay rate due to the Purcell effect and a photon collection efficiency into a lens of up to 10\%. Measurements of the second order correlation function reveal a greater than fifty fold reduction in the multi-photon emission rate compared to a laser of the same intensity.},
}

@article{he2013demand,
  title={On-demand semiconductor single-photon source with near-unity indistinguishability},
  author={He, Yu-Ming and He, Yu and Wei, Yu-Jia and Wu, Dian and Atat{\"u}re, Mete and Schneider, Christian and H{\"o}fling, Sven and Kamp, Martin and Lu, Chao-Yang and Pan, Jian-Wei},
  journal={Nature nanotechnology},
  volume={8},
  number={3},
  pages={213--217},
  year={2013},
  publisher={Nature Publishing Group}
}

@article{stevenson2012,
  title={Indistinguishable entangled photons generated by a light-emitting diode},
  author={Stevenson, RM and Salter, CL and Nilsson, J and Bennett, AJ and Ward, MB and Farrer, I and Ritchie, DA and Shields, AJ},
  journal={Physical review letters},
  volume={108},
  number={4},
  pages={040503},
  year={2012},
  publisher={APS}
}

@article{juska2013towards,
  title={Towards quantum-dot arrays of entangled photon emitters},
  author={Juska, Gediminas and Dimastrodonato, Valeria and Mereni, Lorenzo O and Gocalinska, Agnieszka and Pelucchi, Emanuele},
  journal={Nature Photonics},
  volume={7},
  number={7},
  pages={527--531},
  year={2013},
  publisher={Nature Publishing Group}
}


@article{politi2009integrated,
  title={Integrated quantum photonics},
  author={Politi, Alberto and Matthews, Jonathan CF and Thompson, Mark G and O'Brien, Jeremy L},
  journal={Selected Topics in Quantum Electronics, IEEE Journal of},
  volume={15},
  number={6},
  pages={1673--1684},
  year={2009},
  publisher={IEEE}
}


@article{wang2014gallium,
  title={Gallium arsenide (GaAs) quantum photonic waveguide circuits},
  author={Wang, Jianwei and Santamato, Alberto and Jiang, Pisu and Bonneau, Damien and Engin, Erman and Silverstone, Joshua W and Lermer, Matthias and Beetz, Johannes and Kamp, Martin and H{\"o}fling, Sven and others},
  journal={Optics Communications},
  volume={327},
  pages={49--55},
  year={2014},
  publisher={Elsevier}
}

@article{zhang2011,
   author = "Zhang, Yanfeng and McKnight, Loyd and Engin, Erman and Watson, Ian M. and Cryan, Martin J. and Gu, Erdan and Thompson, Mark G. and Calvez, Stephane and O’Brien, Jeremy L. and Dawson, Martin D.",
   title = "GaN directional couplers for integrated quantum photonics",
   journal = "Applied Physics Letters",
   year = "2011",
   volume = "99",
   number = "16",
   eid = 161119,
   pages = "-",
   url = "http://scitation.aip.org/content/aip/journal/apl/99/16/10.1063/1.3656073",
   doi = "http://dx.doi.org/10.1063/1.3656073"
}

@article{politi2008silica,
  title={Silica-on-silicon waveguide quantum circuits},
  author={Politi, Alberto and Cryan, Martin J and Rarity, John G and Yu, Siyuan and O'Brien, Jeremy L},
  journal={Science},
  volume={320},
  number={5876},
  pages={646--649},
  year={2008},
  publisher={American Association for the Advancement of Science}
}

@article{gerrits2011chip,
  title={On-chip, photon-number-resolving, telecommunication-band detectors for scalable photonic information processing},
  author={Gerrits, Thomas and Thomas-Peter, Nicholas and Gates, James C and Lita, Adriana E and Metcalf, Benjamin J and Calkins, Brice and Tomlin, Nathan A and Fox, Anna E and Linares, Ant{\'\i}a Lamas and Spring, Justin B and others},
  journal={Physical Review A},
  volume={84},
  number={6},
  pages={060301},
  year={2011},
  publisher={APS}
}

@article{hadfield2009single,
  title={Single-photon detectors for optical quantum information applications},
  author={Hadfield, Robert H},
  journal={Nature photonics},
  volume={3},
  number={12},
  pages={696--705},
  year={2009},
  publisher={Nature Publishing Group}
}

@article{brown1956test,
  title={A test of a new type of stellar interferometer on Sirius},
  author={Brown, R Hanbury and Twiss, RQ},
  journal={Nature},
  volume={178},
  number={4541},
  pages={1046--1048},
  year={1956}
}

@book{saleh1991fundamentals,
  title={Fundamentals of photonics},
  author={Saleh, Bahaa EA and Teich, Malvin Carl},
  volume={22},
  year={1991},
  publisher={Wiley New York}
}

@article{pooley2012controlled,
  title={Controlled-NOT gate operating with single photons},
  author={Pooley, MA and Ellis, DJP and Patel, RB and Bennett, AJ and Chan, KHA and Farrer, I and Ritchie, DA and Shields, AJ},
  journal={Applied Physics Letters},
  volume={100},
  number={21},
  pages={211103},
  year={2012},
  publisher={AIP Publishing}
}

@article{varnava2015entangled,
  title={An entangled-LED driven quantum relay over 1 km},
  author={Varnava, C and Stevenson, RM and Nilsson, J and Skiba-Szymanska, J and Dzur{\v{n}}{\'a}k, B and Lucamarini, M and Penty, RV and Farrer, I and Ritchie, DA and Shields, AJ},
  journal={arXiv preprint arXiv:1506.00518},
  year={2015}
}

@article{kocsis2013heralded,
  title={Heralded noiseless amplification of a photon polarization qubit},
  author={Kocsis, Sacha and Xiang, Guo-Yong and Ralph, Tim C and Pryde, Geoff J},
  journal={Nature Physics},
  volume={9},
  number={1},
  pages={23--28},
  year={2013},
  publisher={Nature Publishing Group}
}

@article{zavatta2011high,
  title={A high-fidelity noiseless amplifier for quantum light states},
  author={Zavatta, A and Fiur{\'a}{\v{s}}ek, J and Bellini, M},
  journal={Nature Photonics},
  volume={5},
  number={1},
  pages={52--60},
  year={2011},
  publisher={Nature Publishing Group}
}

@article{bennett2015cavity,
  title={Cavity-enhanced coherent light scattering from a quantum dot},
  author={Bennett, AJ and Lee, JP and Ellis, DJP and Meany, T and Murray, E and Floether, F and Griffths, JP and Farrer, I and Ritchie, DA and Shields, AJ},
  journal={arXiv preprint arXiv:1508.01637},
  year={2015}
}

@article{afek2010high,
  title={High-NOON states by mixing quantum and classical light},
  author={Afek, Itai and Ambar, Oron and Silberberg, Yaron},
  journal={Science},
  volume={328},
  number={5980},
  pages={879--881},
  year={2010},
  publisher={American Association for the Advancement of Science}
}

@article{PhysRevLett.107.083601,
  title = {Quantum Metrology with Entangled Coherent States},
  author = {Joo, Jaewoo and Munro, William J. and Spiller, Timothy P.},
  journal = {Phys. Rev. Lett.},
  volume = {107},
  issue = {8},
  pages = {083601},
  numpages = {4},
  year = {2011},
  month = {Aug},
  publisher = {American Physical Society},
  doi = {10.1103/PhysRevLett.107.083601},
  url = {http://link.aps.org/doi/10.1103/PhysRevLett.107.083601}
}

@article{giovannetti2011advances,
  title={Advances in quantum metrology},
  author={Giovannetti, Vittorio and Lloyd, Seth and Maccone, Lorenzo},
  journal={Nature Photonics},
  volume={5},
  number={4},
  pages={222--229},
  year={2011},
  publisher={Nature Publishing Group}
}


@article{hong1987measurement,
  title={Measurement of subpicosecond time intervals between two photons by interference},
  author={Hong, CK and Ou, ZY and Mandel, Leonard},
  journal={Physical Review Letters},
  volume={59},
  number={18},
  pages={2044},
  year={1987},
  publisher={APS}
}

@article{crespi2012measuring,
  title={Measuring protein concentration with entangled photons},
  author={Crespi, Andrea and Lobino, Mirko and Matthews, Jonathan CF and Politi, Alberto and Neal, Chris R and Ramponi, Roberta and Osellame, Roberto and O’Brien, Jeremy L},
  journal={Applied Physics Letters},
  volume={100},
  number={23},
  pages={233704},
  year={2012},
  publisher={AIP Publishing}
}
@article{oskooi2010meep,
  title={MEEP: A flexible free-software package for electromagnetic simulations by the FDTD method},
  author={Oskooi, Ardavan F and Roundy, David and Ibanescu, Mihai and Bermel, Peter and Joannopoulos, John D and Johnson, Steven G},
  journal={Computer Physics Communications},
  volume={181},
  number={3},
  pages={687--702},
  year={2010},
  publisher={Elsevier}
}

@article{mandelshtam1997harmonic,
  title={Harmonic inversion of time signals and its applications},
  author={Mandelshtam, Vladimir A and Taylor, Howard S},
  journal={The Journal of chemical physics},
  volume={107},
  number={17},
  pages={6756--6769},
  year={1997},
  publisher={AIP Publishing}
}

@article{bennett2006single,
  title={Single-photon-emitting diodes: a review},
  author={Bennett, AJ and Atkinson, P and See, P and Ward, MB and Stevenson, RM and Yuan, ZL and Unitt, DC and Ellis, DJP and Cooper, K and Ritchie, DA and others},
  journal={physica status solidi (b)},
  volume={243},
  number={14},
  pages={3730--3740},
  year={2006},
  publisher={Wiley Online Library}
}


@article{murray2015,
  title={Quantum photonics hybrid integration platform},
  author={Murray, Eoin and Ellis, David J. P. and Meany, Thomas and Fl\"other, Frederick F and Lee, Jamie P. and Griffiths, Johnathan P. and Jones, Geb A. C. and Farrer, Ian and Ritchie, David A. and Bennet, Anthony J. and Shields, Andrew J.},
  journal={Applied Physics Letters - to be submitted},
  volume={},
  number={},
  pages={},
  year={2015},
  publisher={AIP Publishing}
}

@article{schwagmann2011chip,
  title={On-chip single photon emission from an integrated semiconductor quantum dot into a photonic crystal waveguide},
  author={Schwagmann, Andre and Kalliakos, Sokratis and Farrer, Ian and Griffiths, Jonathan P and Jones, Geb AC and Ritchie, David A and Shields, Andrew J},
  journal={Applied Physics Letters},
  volume={99},
  number={26},
  pages={261108},
  year={2011},
  publisher={AIP Publishing}
}

@article{kalliakos2014plane,
  title={In-plane emission of indistinguishable photons generated by an integrated quantum emitter},
  author={Kalliakos, Sokratis and Brody, Yarden and Schwagmann, Andre and Bennett, Anthony J and Ward, Martin B and Ellis, David JP and Skiba-Szymanska, Joanna and Farrer, Ian and Griffiths, Jonathan P and Jones, Geb AC and others},
  journal={Applied Physics Letters},
  volume={104},
  number={22},
  pages={221109},
  year={2014},
  publisher={AIP Publishing}
}

@article{reithmaier2013chip,
  title={On-chip time resolved detection of quantum dot emission using integrated superconducting single photon detectors},
  author={Reithmaier, G{\"u}nther and Lichtmannecker, Stefan and Reichert, Thorsten and Hasch, Peter and M{\"u}ller, Kai and Bichler, Max and Gross, Rudolf and Finley, Jonathan J},
  journal={Scientific reports},
  volume={3},
  year={2013},
  publisher={Nature Publishing Group}
}

@article{prtljaga2014,
  title={Monolithic integration of a quantum emitter with a compact on-chip beam-splitter},
  author={Prtljaga, N and Coles, RJ and O'Hara, J and Royall, B and Clarke, E and Fox, AM and Skolnick, MS},
  journal={Applied Physics Letters},
  volume={104},
  number={23},
  pages={231107},
  year={2014},
  publisher={AIP Publishing}
}

@article{jons2014monolithic,
  title={Monolithic on-chip integration of semiconductor waveguides, beamsplitters and single-photon sources},
  author={J{\"o}ns, Klaus D and Rengstl, Ulrich and Oster, Markus and Hargart, Fabian and Heldmaier, Matthias and Bounouar, Samir and Ulrich, Sven M and Jetter, Michael and Michler, Peter},
  journal={arXiv preprint arXiv:1403.7174},
  year={2014}
}

@article{meany2014hybrid,
  title={Hybrid photonic circuit for multiplexed heralded single photons},
  author={Meany, Thomas and Ngah, Lutfi A and Collins, Matthew J and Clark, Alex S and Williams, Robert J and Eggleton, Benjamin J and Steel, MJ and Withford, Michael J and Alibart, Olivier and Tanzilli, S{\'e}bastien},
  journal={Laser \& Photonics Reviews},
  volume={8},
  number={3},
  pages={L42--L46},
  year={2014},
  publisher={Wiley Online Library}
}


@article{claudon2010highly,
  title={A highly efficient single-photon source based on a quantum dot in a photonic nanowire},
  author={Claudon, Julien and Bleuse, Jo{\"e}l and Malik, Nitin Singh and Bazin, Maela and Jaffrennou, P{\'e}rine and Gregersen, Niels and Sauvan, Christophe and Lalanne, Philippe and G{\'e}rard, Jean-Michel},
  journal={Nature Photonics},
  volume={4},
  number={3},
  pages={174--177},
  year={2010},
  publisher={Nature Publishing Group}
}

@article{munsch2013dielectric,
  title={Dielectric GaAs antenna ensuring an efficient broadband coupling between an InAs quantum dot and a Gaussian optical beam},
  author={Munsch, Mathieu and Malik, Nitin S and Dupuy, Emmanuel and Delga, Adrien and Bleuse, Jo{\"e}l and G{\'e}rard, Jean-Michel and Claudon, Julien and Gregersen, Niels and M{\o}rk, Jesper},
  journal={Physical review letters},
  volume={110},
  number={17},
  pages={177402},
  year={2013},
  publisher={APS}
}

@article{arcari2014near,
  title={Near-unity coupling efficiency of a quantum emitter to a photonic crystal waveguide},
  author={Arcari, Marta and S{\"o}llner, Immo and Javadi, Alisa and Hansen, S Lindskov and Mahmoodian, Sahand and Liu, Jin and Thyrrestrup, Henri and Lee, Eun Hye and Song, Jin Dong and Stobbe, S{\o}ren and others},
  journal={Physical review letters},
  volume={113},
  number={9},
  pages={093603},
  year={2014},
  publisher={APS}
}


@article{grundmann1997theory,
  title={Theory of random population for quantum dots},
  author={Grundmann, M and Bimberg, D},
  journal={Physical Review B},
  volume={55},
  number={15},
  pages={9740},
  year={1997},
  publisher={APS}
}

@article{bayer2002fine,
  title={Fine structure of neutral and charged excitons in self-assembled In (Ga) As/(Al) GaAs quantum dots},
  author={Bayer, M and Ortner, G and Stern, O and Kuther, A and Gorbunov, AA and Forchel, A and Hawrylak, Pawel and Fafard, S and Hinzer, K and Reinecke, TL and others},
  journal={Physical Review B},
  volume={65},
  number={19},
  pages={195315},
  year={2002},
  publisher={APS}
}

@article{gammon1996fine,
  title={Fine structure splitting in the optical spectra of single GaAs quantum dots},
  author={Gammon, D and Snow, ES and Shanabrook, BV and Katzer, DS and Park, D},
  journal={Physical review letters},
  volume={76},
  number={16},
  pages={3005},
  year={1996},
  publisher={APS}
}

@article{jones1941new,
  title={A new calculus for the treatment of optical systems},
  author={Jones, R Clark},
  journal={JOSA},
  volume={31},
  number={7},
  pages={488--493},
  year={1941},
  publisher={Optical Society of America}
}

@article{matthews2009manipulation,
  title={Manipulation of multiphoton entanglement in waveguide quantum circuits},
  author={Matthews, Jonathan CF and Politi, Alberto and Stefanov, Andr{\'e} and O'Brien, Jeremy L},
  journal={Nature Photonics},
  volume={3},
  number={6},
  pages={346--350},
  year={2009},
  publisher={Nature Publishing Group}
}
