
@article{knill2001scheme,
  title={A scheme for efficient quantum computation with linear optics},
  author={Knill, Emanuel and Laflamme, Raymond and Milburn, Gerald J},
  journal={Nature},
  volume={409},
  number={6816},
  pages={46--52},
  year={2001},
  publisher={Nature Publishing Group}
}

@article{o2003demonstration,
  title={Demonstration of an all-optical quantum controlled-NOT gate},
  author={O'Brien, Jeremy L and Pryde, Geoffrey J and White, Andrew G and Ralph, Timothy C and Branning, David},
  journal={Nature},
  volume={426},
  number={6964},
  pages={264--267},
  year={2003},
  publisher={Nature Publishing Group}
}


@article{carolan2015universal,
  title={Universal linear optics},
  author={Carolan, Jacques and Harrold, Chris and Sparrow, Chris and Mart{\'\i}n-L{\'o}pez, Enrique and Russell, Nicholas J and Silverstone, Joshua W and Shadbolt, Peter J and Matsuda, Nobuyuki and Oguma, Manabu and Itoh, Mikitaka and others},
  journal={arXiv preprint arXiv:1505.01182},
  year={2015}
}

@article{Bennett:05, 
author = {A. J. Bennett and D. C. Unitt and P. Atkinson and D. A. Ritchie and A. J. Shields}, 
journal = {Opt. Express}, 
keywords = {Photon statistics; Spectroscopy, condensed matter},
number = {1}, 
pages = {50--55}, 
publisher = {OSA},
title = {High performance single photon sources from photolithographically defined pillar microcavities}, 
volume = {13}, 
month = {Jan},
year = {2005},
url = {http://www.opticsexpress.org/abstract.cfm?URI=oe-13-1-50},
doi = {10.1364/OPEX.13.000050},
abstract = {We demonstrate that single photons can be generated from single InAs/GaAs quantum dots in photolithographically defined pillar microcavities. Pillars with a 1.9 {\textmu}m diameter cavity show a four fold enhancement in the radiative decay rate due to the Purcell effect and a photon collection efficiency into a lens of up to 10\%. Measurements of the second order correlation function reveal a greater than fifty fold reduction in the multi-photon emission rate compared to a laser of the same intensity.},
}

@article{he2013demand,
  title={On-demand semiconductor single-photon source with near-unity indistinguishability},
  author={He, Yu-Ming and He, Yu and Wei, Yu-Jia and Wu, Dian and Atat{\"u}re, Mete and Schneider, Christian and H{\"o}fling, Sven and Kamp, Martin and Lu, Chao-Yang and Pan, Jian-Wei},
  journal={Nature nanotechnology},
  volume={8},
  number={3},
  pages={213--217},
  year={2013},
  publisher={Nature Publishing Group}
}

@article{stevenson2012,
  title={Indistinguishable entangled photons generated by a light-emitting diode},
  author={Stevenson, RM and Salter, CL and Nilsson, J and Bennett, AJ and Ward, MB and Farrer, I and Ritchie, DA and Shields, AJ},
  journal={Physical review letters},
  volume={108},
  number={4},
  pages={040503},
  year={2012},
  publisher={APS}
}

@article{juska2013towards,
  title={Towards quantum-dot arrays of entangled photon emitters},
  author={Juska, Gediminas and Dimastrodonato, Valeria and Mereni, Lorenzo O and Gocalinska, Agnieszka and Pelucchi, Emanuele},
  journal={Nature Photonics},
  volume={7},
  number={7},
  pages={527--531},
  year={2013},
  publisher={Nature Publishing Group}
}


@article{politi2009integrated,
  title={Integrated quantum photonics},
  author={Politi, Alberto and Matthews, Jonathan CF and Thompson, Mark G and O'Brien, Jeremy L},
  journal={Selected Topics in Quantum Electronics, IEEE Journal of},
  volume={15},
  number={6},
  pages={1673--1684},
  year={2009},
  publisher={IEEE}
}


@article{wang2014gallium,
  title={Gallium arsenide (GaAs) quantum photonic waveguide circuits},
  author={Wang, Jianwei and Santamato, Alberto and Jiang, Pisu and Bonneau, Damien and Engin, Erman and Silverstone, Joshua W and Lermer, Matthias and Beetz, Johannes and Kamp, Martin and H{\"o}fling, Sven and others},
  journal={Optics Communications},
  volume={327},
  pages={49--55},
  year={2014},
  publisher={Elsevier}
}

@article{zhang2011,
   author = "Zhang, Yanfeng and McKnight, Loyd and Engin, Erman and Watson, Ian M. and Cryan, Martin J. and Gu, Erdan and Thompson, Mark G. and Calvez, Stephane and Oâ€™Brien, Jeremy L. and Dawson, Martin D.",
   title = "GaN directional couplers for integrated quantum photonics",
   journal = "Applied Physics Letters",
   year = "2011",
   volume = "99",
   number = "16", 
   eid = 161119,
   pages = "-",
   url = "http://scitation.aip.org/content/aip/journal/apl/99/16/10.1063/1.3656073",
   doi = "http://dx.doi.org/10.1063/1.3656073" 
}

@article{politi2008silica,
  title={Silica-on-silicon waveguide quantum circuits},
  author={Politi, Alberto and Cryan, Martin J and Rarity, John G and Yu, Siyuan and O'Brien, Jeremy L},
  journal={Science},
  volume={320},
  number={5876},
  pages={646--649},
  year={2008},
  publisher={American Association for the Advancement of Science}
}

@article{gerrits2011chip,
  title={On-chip, photon-number-resolving, telecommunication-band detectors for scalable photonic information processing},
  author={Gerrits, Thomas and Thomas-Peter, Nicholas and Gates, James C and Lita, Adriana E and Metcalf, Benjamin J and Calkins, Brice and Tomlin, Nathan A and Fox, Anna E and Linares, Ant{\'\i}a Lamas and Spring, Justin B and others},
  journal={Physical Review A},
  volume={84},
  number={6},
  pages={060301},
  year={2011},
  publisher={APS}
}

@article{hadfield2009single,
  title={Single-photon detectors for optical quantum information applications},
  author={Hadfield, Robert H},
  journal={Nature photonics},
  volume={3},
  number={12},
  pages={696--705},
  year={2009},
  publisher={Nature Publishing Group}
}

@book{saleh1991fundamentals,
  title={Fundamentals of photonics},
  author={Saleh, Bahaa EA and Teich, Malvin Carl},
  volume={22},
  year={1991},
  publisher={Wiley New York}
}
