

@article{schwagmann2011chip,
  title={On-chip single photon emission from an integrated semiconductor quantum dot into a photonic crystal waveguide},
  author={Schwagmann, Andre and Kalliakos, Sokratis and Farrer, Ian and Griffiths, Jonathan P and Jones, Geb AC and Ritchie, David A and Shields, Andrew J},
  journal={Applied Physics Letters},
  volume={99},
  number={26},
  pages={261108},
  year={2011},
  publisher={AIP Publishing}
}

@article{kalliakos2014plane,
  title={In-plane emission of indistinguishable photons generated by an integrated quantum emitter},
  author={Kalliakos, Sokratis and Brody, Yarden and Schwagmann, Andre and Bennett, Anthony J and Ward, Martin B and Ellis, David JP and Skiba-Szymanska, Joanna and Farrer, Ian and Griffiths, Jonathan P and Jones, Geb AC and others},
  journal={Applied Physics Letters},
  volume={104},
  number={22},
  pages={221109},
  year={2014},
  publisher={AIP Publishing}
}

@article{reithmaier2013chip,
  title={On-chip time resolved detection of quantum dot emission using integrated superconducting single photon detectors},
  author={Reithmaier, G{\"u}nther and Lichtmannecker, Stefan and Reichert, Thorsten and Hasch, Peter and M{\"u}ller, Kai and Bichler, Max and Gross, Rudolf and Finley, Jonathan J},
  journal={Scientific reports},
  volume={3},
  year={2013},
  publisher={Nature Publishing Group}
}

@article{prtljaga2014,
  title={Monolithic integration of a quantum emitter with a compact on-chip beam-splitter},
  author={Prtljaga, N and Coles, RJ and O'Hara, J and Royall, B and Clarke, E and Fox, AM and Skolnick, MS},
  journal={Applied Physics Letters},
  volume={104},
  number={23},
  pages={231107},
  year={2014},
  publisher={AIP Publishing}
}

@article{jons2014monolithic,
  title={Monolithic on-chip integration of semiconductor waveguides, beamsplitters and single-photon sources},
  author={J{\"o}ns, Klaus D and Rengstl, Ulrich and Oster, Markus and Hargart, Fabian and Heldmaier, Matthias and Bounouar, Samir and Ulrich, Sven M and Jetter, Michael and Michler, Peter},
  journal={arXiv preprint arXiv:1403.7174},
  year={2014}
}

@article{meany2014hybrid,
  title={Hybrid photonic circuit for multiplexed heralded single photons},
  author={Meany, Thomas and Ngah, Lutfi A and Collins, Matthew J and Clark, Alex S and Williams, Robert J and Eggleton, Benjamin J and Steel, MJ and Withford, Michael J and Alibart, Olivier and Tanzilli, S{\'e}bastien},
  journal={Laser \& Photonics Reviews},
  volume={8},
  number={3},
  pages={L42--L46},
  year={2014},
  publisher={Wiley Online Library}
}


@article{claudon2010highly,
  title={A highly efficient single-photon source based on a quantum dot in a photonic nanowire},
  author={Claudon, Julien and Bleuse, Jo{\"e}l and Malik, Nitin Singh and Bazin, Maela and Jaffrennou, P{\'e}rine and Gregersen, Niels and Sauvan, Christophe and Lalanne, Philippe and G{\'e}rard, Jean-Michel},
  journal={Nature Photonics},
  volume={4},
  number={3},
  pages={174--177},
  year={2010},
  publisher={Nature Publishing Group}
}

@article{munsch2013dielectric,
  title={Dielectric GaAs antenna ensuring an efficient broadband coupling between an InAs quantum dot and a Gaussian optical beam},
  author={Munsch, Mathieu and Malik, Nitin S and Dupuy, Emmanuel and Delga, Adrien and Bleuse, Jo{\"e}l and G{\'e}rard, Jean-Michel and Claudon, Julien and Gregersen, Niels and M{\o}rk, Jesper},
  journal={Physical review letters},
  volume={110},
  number={17},
  pages={177402},
  year={2013},
  publisher={APS}
}

@article{arcari2014near,
  title={Near-unity coupling efficiency of a quantum emitter to a photonic crystal waveguide},
  author={Arcari, Marta and S{\"o}llner, Immo and Javadi, Alisa and Hansen, S Lindskov and Mahmoodian, Sahand and Liu, Jin and Thyrrestrup, Henri and Lee, Eun Hye and Song, Jin Dong and Stobbe, S{\o}ren and others},
  journal={Physical review letters},
  volume={113},
  number={9},
  pages={093603},
  year={2014},
  publisher={APS}
}


@article{grundmann1997theory,
  title={Theory of random population for quantum dots},
  author={Grundmann, M and Bimberg, D},
  journal={Physical Review B},
  volume={55},
  number={15},
  pages={9740},
  year={1997},
  publisher={APS}
}

@article{bayer2002fine,
  title={Fine structure of neutral and charged excitons in self-assembled In (Ga) As/(Al) GaAs quantum dots},
  author={Bayer, M and Ortner, G and Stern, O and Kuther, A and Gorbunov, AA and Forchel, A and Hawrylak, Pawel and Fafard, S and Hinzer, K and Reinecke, TL and others},
  journal={Physical Review B},
  volume={65},
  number={19},
  pages={195315},
  year={2002},
  publisher={APS}
}

@article{gammon1996fine,
  title={Fine structure splitting in the optical spectra of single GaAs quantum dots},
  author={Gammon, D and Snow, ES and Shanabrook, BV and Katzer, DS and Park, D},
  journal={Physical review letters},
  volume={76},
  number={16},
  pages={3005},
  year={1996},
  publisher={APS}
}

@article{jones1941new,
  title={A new calculus for the treatment of optical systems},
  author={Jones, R Clark},
  journal={JOSA},
  volume={31},
  number={7},
  pages={488--493},
  year={1941},
  publisher={Optical Society of America}
}

@article{matthews2009manipulation,
  title={Manipulation of multiphoton entanglement in waveguide quantum circuits},
  author={Matthews, Jonathan CF and Politi, Alberto and Stefanov, Andr{\'e} and O'Brien, Jeremy L},
  journal={Nature Photonics},
  volume={3},
  number={6},
  pages={346--350},
  year={2009},
  publisher={Nature Publishing Group}
}
